<record><leader>00000cas a2200000 a 4500</leader><controlfield tag="001">10103851</controlfield><controlfield tag="008">831107u1983uuuunyumx ne      0   a0eng c</controlfield><datafield ind1=" " ind2=" " tag="010"><subfield code="a">sn 83003485 </subfield></datafield><datafield ind1=" " ind2=" " tag="040"><subfield code="a">NSD</subfield><subfield code="b">eng</subfield><subfield code="c">NSD</subfield><subfield code="d">CNW</subfield><subfield code="d">NYS</subfield><subfield code="d">OCLCQ</subfield><subfield code="d">CUV</subfield><subfield code="d">OCLCA</subfield><subfield code="d">OCLCF</subfield><subfield code="d">OCLCA</subfield><subfield code="d">OCLCO</subfield></datafield><datafield ind1=" " ind2=" " tag="012"><subfield code="l">1</subfield></datafield><datafield ind1="0" ind2=" " tag="022"><subfield code="a">0741-0263</subfield><subfield code="l">0741-0263</subfield><subfield code="2">1</subfield></datafield><datafield ind1="1" ind2=" " tag="029"><subfield code="a">AU@</subfield><subfield code="b">000020292858</subfield></datafield><datafield ind1=" " ind2=" " tag="037"><subfield code="a">Young Communist League of the U.S.A., 235 W. 23rd St. Suite 500, New York, N.Y. 10011</subfield></datafield><datafield ind1=" " ind2=" " tag="042"><subfield code="a">nsdp</subfield><subfield code="a">pcc</subfield></datafield><datafield ind1=" " ind2=" " tag="043"><subfield code="a">n-us-ny</subfield></datafield><datafield ind1="0" ind2=" " tag="130"><subfield code="a">Dynamic (New York, N.Y.)</subfield></datafield><datafield ind1="0" ind2=" " tag="210"><subfield code="a">Dynamic</subfield><subfield code="b">(New York, N.Y.)</subfield></datafield><datafield ind1=" " ind2="0" tag="222"><subfield code="a">Dynamic</subfield><subfield code="b">(New York, N.Y.)</subfield></datafield><datafield ind1="1" ind2="0" tag="245"><subfield code="a">Dynamic!</subfield></datafield><datafield ind1=" " ind2=" " tag="260"><subfield code="a">New York, N.Y. :</subfield><subfield code="b">Young Communist League of the U.S.A.,</subfield><subfield code="c">1983-</subfield></datafield><datafield ind1=" " ind2=" " tag="300"><subfield code="a">v. :</subfield><subfield code="b">ill. ;</subfield><subfield code="c">28-43 cm.</subfield></datafield><datafield ind1=" " ind2=" " tag="310"><subfield code="a">Irregular,</subfield><subfield code="b">&lt;Oct./Nov. 1990&gt;-</subfield></datafield><datafield ind1=" " ind2=" " tag="321"><subfield code="a">Monthly,</subfield><subfield code="b">1983-&lt;Sept./Oct. 1989&gt;</subfield></datafield><datafield ind1="0" ind2=" " tag="362"><subfield code="a">Vol. 1, no. 1 (August 1983)-</subfield></datafield><datafield ind1=" " ind2=" " tag="515"><subfield code="a">Numbering irregular, dropped with issue for Sept. 1984.</subfield></datafield><datafield ind1=" " ind2=" " tag="530"><subfield code="a">Also available on microfilm from MSC (for New York University).</subfield></datafield><datafield ind1=" " ind2=" " tag="588"><subfield code="a">Latest issue consulted: Fall 2002.</subfield></datafield><datafield ind1=" " ind2="0" tag="650"><subfield code="a">Youth movements</subfield><subfield code="v">Newspapers.</subfield></datafield><datafield ind1=" " ind2="0" tag="650"><subfield code="a">Student movements</subfield><subfield code="z">United States</subfield><subfield code="v">Newspapers.</subfield></datafield><datafield ind1=" " ind2="0" tag="650"><subfield code="a">Socialism and youth</subfield><subfield code="z">United States</subfield><subfield code="v">Newspapers.</subfield></datafield><datafield ind1=" " ind2="0" tag="650"><subfield code="a">Communism</subfield><subfield code="z">United States</subfield><subfield code="v">Newspapers.</subfield></datafield><datafield ind1=" " ind2="0" tag="651"><subfield code="a">New York (N.Y.)</subfield><subfield code="v">Newspapers.</subfield></datafield><datafield ind1=" " ind2="7" tag="655"><subfield code="a">Underground newspapers</subfield><subfield code="z">New York (State)</subfield><subfield code="z">New York.</subfield><subfield code="2">ngl</subfield></datafield><datafield ind1=" " ind2="7" tag="655"><subfield code="a">Newspapers.</subfield><subfield code="2">fast</subfield><subfield code="0">(OCoLC)fst01423814</subfield></datafield><datafield ind1=" " ind2="7" tag="650"><subfield code="a">Communism.</subfield><subfield code="2">fast</subfield><subfield code="0">(OCoLC)fst00870421</subfield></datafield><datafield ind1=" " ind2="7" tag="650"><subfield code="a">Socialism and youth.</subfield><subfield code="2">fast</subfield><subfield code="0">(OCoLC)fst01123706</subfield></datafield><datafield ind1=" " ind2="7" tag="650"><subfield code="a">Student movements.</subfield><subfield code="2">fast</subfield><subfield code="0">(OCoLC)fst01135954</subfield></datafield><datafield ind1=" " ind2="7" tag="650"><subfield code="a">Youth movements.</subfield><subfield code="2">fast</subfield><subfield code="0">(OCoLC)fst01716075</subfield></datafield><datafield ind1=" " ind2="7" tag="651"><subfield code="a">New York (State)</subfield><subfield code="z">New York.</subfield><subfield code="2">fast</subfield><subfield code="0">(OCoLC)fst01204333</subfield></datafield><datafield ind1=" " ind2="7" tag="651"><subfield code="a">United States.</subfield><subfield code="2">fast</subfield><subfield code="0">(OCoLC)fst01204155</subfield></datafield><datafield ind1="2" ind2=" " tag="710"><subfield code="a">Young Communist League of the U.S.</subfield></datafield><datafield ind1=" " ind2=" " tag="752"><subfield code="a">United States</subfield><subfield code="b">New York</subfield><subfield code="c">New York</subfield><subfield code="d">New York.</subfield></datafield><datafield ind1="1" ind2=" " tag="776"><subfield code="c">Microfilm</subfield><subfield code="w">(OcoLC) 17268538</subfield></datafield></record>